%% This BibTeX bibliography file was created using BibDesk.
%% https://bibdesk.sourceforge.io/

%% Created for Guillaume Acke at 2020-10-08 10:35:53 +0200 


%% Saved with string encoding Unicode (UTF-8) 



@article{whitesides2004a,
	Author = {Whitesides, George M},
	Date-Added = {2020-10-08 10:35:24 +0200},
	Date-Modified = {2020-10-08 10:35:29 +0200},
	Journal = {Advanced Materials},
	Number = {15},
	Pages = {1375--1377},
	Publisher = {Wiley Online Library},
	Title = {Whitesides' group: writing a paper},
	Volume = {16},
	Year = {2004}}
