%% This BibTeX bibliography file was created using BibDesk.
%% https://bibdesk.sourceforge.io/

%% Created for Guillaume Acke at 2020-10-08 10:35:53 +0200 


%% Saved with string encoding Unicode (UTF-8) 



@article{whitesides2004a,
  author        = {Whitesides, George M},
  date-added    = {2020-10-08 10:35:24 +0200},
  date-modified = {2020-10-08 10:35:29 +0200},
  journal       = {Advanced Materials},
  number        = {15},
  pages         = {1375--1377},
  publisher     = {Wiley Online Library},
  title         = {Whitesides' group: writing a paper},
  volume        = {16},
  year          = {2004}
}
